<?xml version="1.0" encoding="UTF-8"?><collection xmlns="http://www.loc.gov/MARC21/slim"><record><leader>00360nam--2200121-i-4500</leader><controlfield tag="001">000035489</controlfield><controlfield tag="002">20161230</controlfield><controlfield tag="005">20161230201040</controlfield><controlfield tag="008">060222s1000------------r-----000-0-eng-d</controlfield><datafield ind1=" " ind2=" " tag="080"><subfield code="a">061.3:621.039</subfield></datafield><datafield ind1=" " ind2=" " tag="245"><subfield code="a">National conference on the technological applications of nuclear techniques, 1972</subfield></datafield><datafield ind1=" " ind2=" " tag="260"><subfield code="a">Pelindaba, Atomic Energy Board, 1972.Pag.Dif</subfield></datafield><datafield ind1=" " ind2=" " tag="852"><subfield code="a">37667</subfield></datafield></record></collection>